@article{louvian,
	title={Community structure in social and biological networks},
	author={Girvan, Michelle and Newman, Mark EJ},
	journal={Proceedings of the national academy of sciences},
	volume={99},
	number={12},
	pages={7821--7826},
	year={2002},
	publisher={National Acad Sciences}
}
%----------------------------------------%
@article{ContinuousMultiple,
	title={Continuous-time opinion dynamics on multiple interdependent topics},
	author={Ye, Mengbin and Trinh, Minh Hoang and Lim, Young-Hun and Anderson, Brian DO and Ahn, Hyo-Sung},
	journal={Automatica},
	volume={115},
	pages={108884},
	year={2020},
	publisher={Elsevier}
}
%----------------------------------------%
@article{LogicConstraints,
	title={Network science on belief system dynamics under logic constraints},
	author={Friedkin, Noah E and Proskurnikov, Anton V and Tempo, Roberto and Parsegov, Sergey E},
	journal={Science},
	volume={354},
	number={6310},
	pages={321--326},
	year={2016},
	publisher={American Association for the Advancement of Science}
}
%----------------------------------------%
@inproceedings{MultipleAttitude,
	title={A new model of opinion dynamics for social actors with multiple interdependent attitudes and prejudices},
	author={Parsegov, Sergey E and Proskurnikov, Anton V and Tempo, Roberto and Friedkin, Noah E},
	booktitle={2015 54th IEEE Conference on Decision and Control (CDC)},
	pages={3475--3480},
	year={2015},
	organization={IEEE}
}
%----------------------------------------%
@article{NovelMultidimensional,
	title={Novel multidimensional models of opinion dynamics in social networks},
	author={Parsegov, Sergey E and Proskurnikov, Anton V and Tempo, Roberto and Friedkin, Noah E},
	journal={IEEE Transactions on Automatic Control},
	volume={62},
	number={5},
	pages={2270--2285},
	year={2016},
	publisher={IEEE}
}
%----------------------------------------%
@article{watts1998collective,
	title={Collective dynamics of ‘small-world’networks},
	author={Watts, Duncan J and Strogatz, Steven H},
	journal={{N}ature},
	volume={393},
	number={6684},
	pages={440--442},
	year={1998},
	publisher={Nature Publishing Group}
}
%----------------------------------------%
@article{RecommenderSystems,
	author={J. {Castro} and J. {Lu} and G. {Zhang} and Y. {Dong} and L. {Martínez}},
	journal={IEEE Transactions on Systems, Man, and Cybernetics: Systems}, 
	title={Opinion Dynamics-Based Group Recommender Systems}, 
	year={2018},
	volume={48},
	number={12},
	pages={2394-2406}}
%----------------------------------------%
@article{ElusiveConsensus,
	title={Elusive consensus: Polarization in elite communication on the COVID-19 pandemic},
	author={Green, Jon and Edgerton, Jared and Naftel, Daniel and Shoub, Kelsey and Cranmer, Skyler J},
	journal={Science Advances},
	volume={6},
	number={28},
	pages={eabc2717},
	year={2020},
	publisher={American Association for the Advancement of Science}
}
%----------------------------------------%
@article{Cyber-SocialNetworks,
	author={Mao, Yanbing and Bolouki, Sadegh and Akyol, Emrah},
	journal={IEEE Transactions on Network Science and Engineering}, 
	title={Spread of Information With Confirmation Bias in Cyber-Social Networks}, 
	year={2020},
	volume={7},
	number={2},
	pages={688-700},
	doi={10.1109/TNSE.2018.2878377}}
%----------------------------------------%
@article{EventMatching,
	title={Event matching classification method for non-intrusive load monitoring},
	author={Azizi, Elnaz and Beheshti, Mohammad TH and Bolouki, Sadegh},
	journal={Sustainability},
	volume={13},
	number={2},
	pages={693},
	year={2021},
	publisher={Multidisciplinary Digital Publishing Institute}
}
%----------------------------------------%
@article{RobustMPC,
	title={Robust tube-based MPC with enlarging the region of attraction for tracking of switched systems},
	author={Abbasi, Y and Momeni, HR and Ramezani, A},
	journal={Journal of the Franklin Institute},
	volume={358},
	number={17},
	pages={8886--8913},
	year={2021},
	publisher={Elsevier}
}
%----------------------------------------%
@article{LMIController,
	title={An LMI-based composite nonlinear feedback terminal sliding-mode controller design for disturbed MIMO systems},
	author={Mobayen, Saleh and Majd, Vahid Johari and Sojoodi, Mahdi},
	journal={Mathematics and Computers in Simulation},
	volume={85},
	pages={1--10},
	year={2012},
	publisher={Elsevier}
}

@phdthesis{nematThesis,
 title =  {ارائه مدل غیرخطی متغیر با زمان برای دینامیک عقاید در شبكه های
  اجتماعی},  
 author = {سید محمود، {نعمت اللّه زاده}},
 school = {دانشگاه تربیت مدرس}, 
 year = {1398}, 
 language = {Persian}
}

@mastersthesis
{hosseiniThesis,
	title = {تحلیل رفتار در شبکه های تبادل عقاید با تفکیک عقیده واقعی و عقیده ابراز شده}, 
	author = {سید حسین، حسینی},
	school = {دانشگاه تربیت مدرس}, 
	year = {1398}, 
	language = {Persian}
}
%--------------------%
%--------------------%
@InProceedings{NetworkX,
	author = {Aric A. Hagberg and Daniel A. Schult and Pieter J. Swart},
	title =  {Exploring Network Structure, Dynamics, and Function using NetworkX},
	booktitle = {Proceedings of the 7th Python in Science Conference},
	pages = {11 - 15},
	address = {Pasadena, CA USA},
	year = {2008},
	editor = {Ga\"el Varoquaux and Travis Vaught and Jarrod Millman},
}
%--------------------%
@inbook{bullo2018lectures,
	author =    {F. Bullo},
	title =     {Lectures on Network Systems},
	chapter=    {5},
	year =      {2020},
	edition =   {1.4},
	publisher = {Kindle Direct Publishing},
	ISBN =      {978-1986425643},
	note =      {With contributions by J. Cortes, F. Dorfler, and S. Martinez},
	url =       {http://motion.me.ucsb.edu/book-lns},
}
%--------------------%
@article{Nematzadeh,
	author={S. M. {Nematollahzadeh} and S. {Ozgoli} and A. {Jolfaei} and M. S. {Haghighi}},
	journal={IEEE Transactions on Industrial Informatics}, 
	title={Modeling of Human Cognition in Consensus Agreement on Social Media and Its Implications for Smarter Manufacturing}, 
	year={2021},
	volume={17},
	number={4},
	pages={2902-2909},
	doi={10.1109/TII.2020.2989729}}
%--------------------%
@manual{PewResearchCenter2017,
	title  = "Partisan Divides over Political Values Widen",
	author = "{Pew Research Center}",
	url    = "https://www.pewresearch.org/politics/2017/10/05/1-partisan-divides-over-political-values-widen",
	year   = "October 5, 2017 (accessed October 24, 2020)"
}}
%--------------------%
@INPROCEEDINGS{BiasedAntagonism,
author={Wang, Lingfei and Hong, Yiguang and Shi, Guodong and Altafini, Claudio},
booktitle={2020 59th IEEE Conference on Decision and Control (CDC)}, 
title={A biased assimilation model on signed graphs}, 
year={2020},
volume={},
number={},
pages={494-499},
doi={10.1109/CDC42340.2020.9304000}
}
%--------------------%